<?xml version="1.0" encoding="UTF-8"?><collection xmlns="http://www.loc.gov/MARC21/slim"><record><leader>00442nam--2200169-i-4500</leader><controlfield tag="001">000046573</controlfield><controlfield tag="002">20161230</controlfield><controlfield tag="005">20161230201046</controlfield><controlfield tag="008">060222s1000------------r-----000-0-eng-d</controlfield><datafield ind1=" " ind2=" " tag="040"><subfield code="a">IFIN-HH</subfield></datafield><datafield ind1=" " ind2=" " tag="080"><subfield code="a">535.317.24</subfield></datafield><datafield ind1="1" ind2=" " tag="100"><subfield code="a">Graham,C.H</subfield></datafield><datafield ind1="1" ind2="0" tag="245"><subfield code="a">Vision and visual perception</subfield><subfield code="c">C.H. GRAHAM (Ed.)</subfield></datafield><datafield ind1=" " ind2=" " tag="260"><subfield code="a">SYDNEY</subfield><subfield code="b">John Wiley And Sons, Inc</subfield><subfield code="c">1965</subfield></datafield><datafield ind1=" " ind2=" " tag="300"><subfield code="a">VII + 637 P</subfield></datafield><datafield ind1=" " ind2=" " tag="852"><subfield code="a">77328</subfield><subfield code="c">535.33</subfield></datafield><datafield ind1=" " ind2=" " tag="CAT"><subfield code="a">Sys</subfield><subfield code="c">20101221</subfield><subfield code="h">132117</subfield></datafield></record></collection>